@book{book_key,
	address = {City},
	publisher = {Publisher},
	author = {Smith, John},
	title = {Book title},
	year = {2012},
	volume = {3},
	series = {2},
	edition = {1},
	pages = {123--200},
	month = {January}
}

@article{Birkat84,
	publisher = {The American Mathematical Monthly},
	author = {GRACIELA S. BIRMAN, KATSUMI NOMIZU},
	title = {TRIGONOMETRY IN LORENTZIAN GEOMETRY},
	year = {1984},
	OPTvolume = {91},
	OPTnumber = { 9},
	OPTpages = {543--549}
}